% Articles

%%%%%%%%%%%%%%%%%%%%%%%%%%%%%%%%%%%%%%%%%%%%%%%%%%%%%%%%%%%%%%%%%%%%%%%%%

% Hadamard
@inproceedings{hadamard-imp,
  doi = {10.1109/eit.2010.5612120},
  url = {https://doi.org/10.1109/eit.2010.5612120},
  year = {2010},
  month = may,
  publisher = {{IEEE}},
  author = {Shihan Sajeed and A. Ahmed and S. M. Ullah and Z. H. Mozumder},
  title = {An approach to realize a quantum Hadamard gate through optical implementation},
  booktitle = {2010 {IEEE} International Conference on Electro/Information Technology}
}

% Universality
@article{universality-proof,
  doi = {10.48550/ARXIV.QUANT-PH/9505018},
  url = {https://arxiv.org/abs/quant-ph/9505018},
  author = {Deutsch,  D. and Barenco,  A. and Ekert,  A.},
  keywords = {Quantum Physics (quant-ph),  FOS: Physical sciences,  FOS: Physical sciences},
  title = {Universality in Quantum Computation},
  publisher = {arXiv},
  year = {1995},
  copyright = {Assumed arXiv.org perpetual,  non-exclusive license to distribute this article for submissions made before January 2004}
}

% CNOT
@article{Rosenblum2018,
  doi = {10.1038/s41467-018-03059-5},
  url = {https://doi.org/10.1038/s41467-018-03059-5},
  year = {2018},
  month = feb,
  publisher = {Springer Science and Business Media {LLC}},
  volume = {9},
  number = {1},
  author = {S. Rosenblum and Y. Y. Gao and P. Reinhold and C. Wang and C. J. Axline and L. Frunzio and S. M. Girvin and Liang Jiang and M. Mirrahimi and M. H. Devoret and R. J. Schoelkopf},
  title = {A {CNOT} gate between multiphoton qubits encoded in two cavities},
  journal = {Nature Communications}
}

@article{Noh2018,
  doi = {10.1038/s41598-018-31896-3},
  url = {https://doi.org/10.1038/s41598-018-31896-3},
  year = {2018},
  month = sep,
  publisher = {Springer Science and Business Media {LLC}},
  volume = {8},
  number = {1},
  author = {Taewan Noh and Gwanyeol Park and Soon-Gul Lee and Woon Song and Yonuk Chong},
  title = {Construction of controlled-{NOT} gate based on microwave-activated phase ({MAP}) gate in two transmon system},
  journal = {Scientific Reports}
}

@misc{budinger2022alloptical,
  doi = {10.48550/ARXIV.2211.09060},
  url = {https://arxiv.org/abs/2211.09060},
  author = {Budinger,  Niklas and Furusawa,  Akira and van Loock,  Peter},
  keywords = {Quantum Physics (quant-ph),  FOS: Physical sciences,  FOS: Physical sciences},
  title = {All-optical quantum computing using cubic phase gates},
  publisher = {arXiv},
  year = {2022},
  copyright = {arXiv.org perpetual,  non-exclusive license}
}

%%%%%%%%%%%%%%%%%%%%%%%%%%%%%%%%%%%%%%%%%%%%%%%%%%%%%%%%%%%%%%%%%%%%%
% Algorithmes

% Deutsch - Jozsa
@article{deutsch-josza-ori,
  doi = {10.1098/rspa.1992.0167},
  url = {https://doi.org/10.1098/rspa.1992.0167},
  year = {1992},
  month = dec,
  publisher = {The Royal Society},
  volume = {439},
  number = {1907},
  pages = {553--558},
  title = {Rapid solution of problems by quantum computation},
  journal = {Proceedings of the Royal Society of London. Series A: Mathematical and Physical Sciences}
}
@article{deutsch-jozsa-discu,
  doi = {10.1098/rspa.1998.0164},
  url = {https://doi.org/10.1098/rspa.1998.0164},
  year = {1998},
  month = jan,
  publisher = {The Royal Society},
  volume = {454},
  number = {1969},
  pages = {339--354},
  author = {R. Cleve and A. Ekert and C. Macchiavello and M. Mosca},
  title = {Quantum algorithms revisited},
  journal = {Proceedings of the Royal Society of London. Series A: Mathematical,  Physical and Engineering Sciences}
}

% Shor
@inproceedings{shor-article,
  doi = {10.1109/sfcs.1994.365700},
  url = {https://doi.org/10.1109/sfcs.1994.365700},
  publisher = {{IEEE} Comput. Soc. Press},
  author = {P.W. Shor},
  title = {Algorithms for quantum computation: discrete logarithms and factoring},
  booktitle = {Proceedings 35th Annual Symposium on Foundations of Computer Science}
}

@article{shor-imp,
  doi = {10.48550/ARXIV.QUANT-PH/0205095},
  url = {https://arxiv.org/abs/quant-ph/0205095},
  author = {Beauregard,  Stephane},
  keywords = {Quantum Physics (quant-ph),  FOS: Physical sciences,  FOS: Physical sciences},
  title = {Circuit for Shor's algorithm using 2n+3 qubits},
  publisher = {arXiv},
  year = {2002},
  copyright = {Assumed arXiv.org perpetual,  non-exclusive license to distribute this article for submissions made before January 2004}
}

% Grover
@inproceedings{grover-article,
  doi = {10.1145/237814.237866},
  url = {https://doi.org/10.1145/237814.237866},
  year = {1996},
  publisher = {{ACM} Press},
  author = {Lov K. Grover},
  title = {A fast quantum mechanical algorithm for database search},
  booktitle = {Proceedings of the twenty-eighth annual {ACM} symposium on Theory of computing  - {STOC} {\textquotesingle}96}
}

% IPE
@misc{ipe-article,
  doi = {10.48550/ARXIV.2206.06392},
  url = {https://arxiv.org/abs/2206.06392},
  author = {Smith,  Joseph G. and Barnes,  Crispin H. W. and Arvidsson-Shukur,  David R. M.},
  keywords = {Quantum Physics (quant-ph),  FOS: Physical sciences,  FOS: Physical sciences},
  title = {An iterative quantum-phase-estimation protocol for near-term quantum hardware},
  publisher = {arXiv},
  year = {2022},
  copyright = {Creative Commons Attribution 4.0 International}
}

% Hyperfine Splitting in Hydrogen
@inbook{feynmann-lectures,
author = {Feynman, Richard and Leighton, Robert B. and Sands, Matthew L.},
title = {The Hyperfine Splitting in Hydrogen},
booktitle = {The Feynman lectures on physics},
year = {1963-1965},
volume = {3},
chapter = {12},
pages = {1-9},
}

%%%%%%%%%%%%%%%%%%%%%%%%%%%%%%%%%%%%%%%%%%%%%%%%%%%%%%%%%%%%%%%%%%%%%%%%%%%%%%%%%%

% IA classical-quantum
@misc{ia-mixte,
  doi = {10.48550/ARXIV.1901.00848},
  url = {https://arxiv.org/abs/1901.00848},
  author = {Romero,  Jonathan and Aspuru-Guzik,  Alan},
  keywords = {Quantum Physics (quant-ph),  FOS: Physical sciences,  FOS: Physical sciences},
  title = {Variational quantum generators: Generative adversarial quantum machine learning for continuous distributions},
  publisher = {arXiv},
  year = {2019},
  copyright = {arXiv.org perpetual,  non-exclusive license}
}

% Simulation (p.ex. trou de vers)
@article{wormhole-sim,
  doi = {10.1038/d41586-022-03832-z},
  url = {https://doi.org/10.1038/d41586-022-03832-z},
  year = {2022},
  month = nov,
  publisher = {Springer Science and Business Media {LLC}},
  volume = {612},
  number = {7938},
  pages = {41--42},
  author = {Adam R. Brown and Leonard Susskind},
  title = {A holographic wormhole traversed in a quantum computer},
  journal = {Nature}
}

% Enseigner
@INPROCEEDINGS{qiskit-anal,
  author={Wootton, James R. and Harkins, Francis and Bronn, Nicholas T. and Vazquez, Almudena Carrera and Phan, Anna and Asfaw, Abraham T.},
  booktitle={2021 IEEE International Conference on Quantum Computing and Engineering (QCE)}, 
  title={Teaching quantum computing with an interactive textbook}, 
  year={2021},
  volume={},
  number={},
  pages={385-391},
  doi={10.1109/QCE52317.2021.00058}}

@article{Liao2017,
  doi = {10.1038/nature23655},
  url = {https://doi.org/10.1038/nature23655},
  year = {2017},
  month = aug,
  publisher = {Springer Science and Business Media {LLC}},
  volume = {549},
  number = {7670},
  pages = {43--47},
  author = {Sheng-Kai Liao and Wen-Qi Cai and Wei-Yue Liu and Liang Zhang and Yang Li and Ji-Gang Ren and Juan Yin and Qi Shen and Yuan Cao and Zheng-Ping Li and Feng-Zhi Li and Xia-Wei Chen and Li-Hua Sun and Jian-Jun Jia and Jin-Cai Wu and Xiao-Jun Jiang and Jian-Feng Wang and Yong-Mei Huang and Qiang Wang and Yi-Lin Zhou and Lei Deng and Tao Xi and Lu Ma and Tai Hu and Qiang Zhang and Yu-Ao Chen and Nai-Le Liu and Xiang-Bin Wang and Zhen-Cai Zhu and Chao-Yang Lu and Rong Shu and Cheng-Zhi Peng and Jian-Yu Wang and Jian-Wei Pan},
  title = {Satellite-to-ground quantum key distribution},
  journal = {Nature}
}

@ARTICLE{cryo-cmos,
  author={Patra, Bishnu and Incandela, Rosario M. and van Dijk, Jeroen P. G. and Homulle, Harald A. R. and Song, Lin and Shahmohammadi, Mina and Staszewski, Robert Bogdan and Vladimirescu, Andrei and Babaie, Masoud and Sebastiano, Fabio and Charbon, Edoardo},
  journal={IEEE Journal of Solid-State Circuits},
  title={Cryo-CMOS Circuits and Systems for Quantum Computing Applications},
  year={2018},
  volume={53},
  number={1},
  pages={309-321},
  doi={10.1109/JSSC.2017.2737549}}

@article{AntoniMicollier2022,
  doi = {10.1029/2022gl097814},
  url = {https://doi.org/10.1029/2022gl097814},
  year = {2022},
  month = jun,
  publisher = {American Geophysical Union ({AGU})},
  volume = {49},
  number = {13},
  author = {Laura Antoni-Micollier and Daniele Carbone and Vincent M{\'{e}}noret and Jean Lautier-Gaud and Thomas King and Filippo Greco and Alfio Messina and Danilo Contrafatto and Bruno Desruelle},
  title = {Detecting Volcano-Related Underground Mass Changes With a Quantum Gravimeter},
  journal = {Geophysical Research Letters}
}

@article{Zhang2022,
  title = {Improved circuit implementation of the HHL algorithm and its simulations on QISKIT},
  volume = {12},
  ISSN = {2045-2322},
  url = {http://dx.doi.org/10.1038/s41598-022-17660-8},
  DOI = {10.1038/s41598-022-17660-8},
  number = {1},
  journal = {Scientific Reports},
  publisher = {Springer Science and Business Media LLC},
  author = {Zhang,  Meng and Dong,  Lihua and Zeng,  Yong and Cao,  Ning},
  year = {2022},
  month = aug
}

@article{mult-quant,
  doi = {10.48550/ARXIV.2306.08473},
  url = {https://arxiv.org/abs/2306.08473},
  author = {Ramezani,  Mehdi and Nikaeen,  Morteza and Farman,  Farnaz and Ashrafi,  Seyed Mahmoud and Bahrampour,  Alireza},
  keywords = {Quantum Physics (quant-ph),  FOS: Physical sciences,  FOS: Physical sciences},
  title = {Quantum Multiplication Algorithm Based on the Convolution Theorem},
  publisher = {arXiv},
  year = {2023},
  copyright = {Creative Commons Attribution Non Commercial No Derivatives 4.0 International}
}

@article{Hyypp2022,
  title = {Unimon qubit},
  volume = {13},
  ISSN = {2041-1723},
  url = {http://dx.doi.org/10.1038/s41467-022-34614-w},
  DOI = {10.1038/s41467-022-34614-w},
  number = {1},
  journal = {Nature Communications},
  publisher = {Springer Science and Business Media LLC},
  author = {Hyypp\"{a},  Eric and Kundu,  Suman and Chan,  Chun Fai and Gunyhó,  András and Hotari,  Juho and Janzso,  David and Juliusson,  Kristinn and Kiuru,  Olavi and Kotilahti,  Janne and Landra,  Alessandro and Liu,  Wei and Marxer,  Fabian and M\"{a}kinen,  Akseli and Orgiazzi,  Jean-Luc and Palma,  Mario and Savytskyi,  Mykhailo and Tosto,  Francesca and Tuorila,  Jani and Vadimov,  Vasilii and Li,  Tianyi and Ockeloen-Korppi,  Caspar and Heinsoo,  Johannes and Tan,  Kuan Yen and Hassel,  Juha and M\"{o}tt\"{o}nen,  Mikko},
  year = {2022},
  month = nov
}

@article{McClean2018,
  title = {Barren plateaus in quantum neural network training landscapes},
  volume = {9},
  ISSN = {2041-1723},
  url = {http://dx.doi.org/10.1038/s41467-018-07090-4},
  DOI = {10.1038/s41467-018-07090-4},
  number = {1},
  journal = {Nature Communications},
  publisher = {Springer Science and Business Media LLC},
  author = {McClean,  Jarrod R. and Boixo,  Sergio and Smelyanskiy,  Vadim N. and Babbush,  Ryan and Neven,  Hartmut},
  year = {2018},
  month = nov
}

@article{error-code,
  doi = {10.48550/ARXIV.1907.11157},
  url = {https://arxiv.org/abs/1907.11157},
  author = {Roffe,  Joschka},
  keywords = {Quantum Physics (quant-ph),  FOS: Physical sciences,  FOS: Physical sciences},
  title = {Quantum Error Correction: An Introductory Guide},
  publisher = {arXiv},
  year = {2019},
  copyright = {arXiv.org perpetual,  non-exclusive license}
}

@article{surface-code,
  doi = {10.48550/ARXIV.1208.0928},
  url = {https://arxiv.org/abs/1208.0928},
  author = {Fowler,  Austin G. and Mariantoni,  Matteo and Martinis,  John M. and Cleland,  Andrew N.},
  keywords = {Quantum Physics (quant-ph),  FOS: Physical sciences,  FOS: Physical sciences},
  title = {Surface codes: Towards practical large-scale quantum computation},
  publisher = {arXiv},
  year = {2012},
  copyright = {arXiv.org perpetual,  non-exclusive license}
}

@article{Lescanne2020,
  title = {Exponential suppression of bit-flips in a qubit encoded in an oscillator},
  volume = {16},
  ISSN = {1745-2481},
  url = {http://dx.doi.org/10.1038/s41567-020-0824-x},
  DOI = {10.1038/s41567-020-0824-x},
  number = {5},
  journal = {Nature Physics},
  publisher = {Springer Science and Business Media LLC},
  author = {Lescanne,  Raphaël and Villiers,  Marius and Peronnin,  Théau and Sarlette,  Alain and Delbecq,  Matthieu and Huard,  Benjamin and Kontos,  Takis and Mirrahimi,  Mazyar and Leghtas,  Zaki},
  year = {2020},
  month = mar,
  pages = {509–513}
}

@article{qml-article,
  doi = {10.48550/ARXIV.1803.00745},
  url = {https://arxiv.org/abs/1803.00745},
  author = {Mitarai,  Kosuke and Negoro,  Makoto and Kitagawa,  Masahiro and Fujii,  Keisuke},
  keywords = {Quantum Physics (quant-ph),  FOS: Physical sciences,  FOS: Physical sciences},
  title = {Quantum Circuit Learning},
  publisher = {arXiv},
  year = {2018},
  copyright = {arXiv.org perpetual,  non-exclusive license}
}

@article{Ma2020,
  title = {Quantum simulations of materials on near-term quantum computers},
  volume = {6},
  ISSN = {2057-3960},
  url = {http://dx.doi.org/10.1038/s41524-020-00353-z},
  DOI = {10.1038/s41524-020-00353-z},
  number = {1},
  journal = {npj Computational Materials},
  publisher = {Springer Science and Business Media LLC},
  author = {Ma,  He and Govoni,  Marco and Galli,  Giulia},
  year = {2020},
  month = jul
}

@article{Ollitrault2021,
  title = {Molecular Quantum Dynamics: A Quantum Computing Perspective},
  volume = {54},
  ISSN = {1520-4898},
  url = {http://dx.doi.org/10.1021/acs.accounts.1c00514},
  DOI = {10.1021/acs.accounts.1c00514},
  number = {23},
  journal = {Accounts of Chemical Research},
  publisher = {American Chemical Society (ACS)},
  author = {Ollitrault,  Pauline J. and Miessen,  Alexander and Tavernelli,  Ivano},
  year = {2021},
  month = nov,
  pages = {4229–4238}
}
