% Wikipedia sources

%%%%%%%%%%%%%%%%%%%%%%%%%%%%%%%%%%%%%%%%%%%%%%%%%%%%%%%%%%%

% Quantum gates summary
@misc{ wiki:qantum-gates,
  author = "{Wikipedia contributors}",
  title = "Quantum logic gate --- {W}ikipedia{,} The Free Encyclopedia",
  year = "2023",
  url = "https://en.wikipedia.org/wiki/Quantum_logic_gate",
}

% History quantum computing %OK
@misc{ wiki:hisotry-qc,
  author = "{Wikipedia contributors}",
  title = "Quantum computing --- {W}ikipedia{,} The Free Encyclopedia",
  year = "2023",
  url = "https://en.wikipedia.org/wiki/Quantum_computing",
}

% Quantum complexity
@misc{ wiki:complexity-qc,
  author = "{Wikipedia contributors}",
  title = "Quantum complexity theory --- {W}ikipedia{,} The Free Encyclopedia",
  year = "2023",
  url = "https://en.wikipedia.org/wiki/Quantum_complexity_theory",
}

%%%%%%%%%%%%%%%%%%%%%%%%%%%%%%%%%%%%%%%%%%%%%%%%%%%%%%%%%%%%
% Hardware 

@misc{ wiki:ibm-quantum,
  author = "{Wikipedia contributors}",
  title = "IBM Quantum Experience --- {W}ikipedia{,} The Free Encyclopedia",
  year = "2023",
  url = "https://en.wikipedia.org/wiki/IBM_Quantum_Experience",
}

@misc{ wiki:trapped-ion,
  author = "{Wikipedia contributors}",
  title = "Trapped ion quantum computer --- {W}ikipedia{,} The Free Encyclopedia",
  year = "2023",
  url = "https://en.wikipedia.org/wiki/Trapped_ion_quantum_computer",
}

@misc{ wiki:superconducting-qc,
  author = "{Wikipedia contributors}",
  title = "Superconducting quantum computing --- {W}ikipedia{,} The Free Encyclopedia",
  year = "2023",
  url = "https://en.wikipedia.org/wiki/Superconducting_quantum_computing",
}

@misc{ wiki:transmon,
  author = "{Wikipedia contributors}",
  title = "Transmon --- {W}ikipedia{,} The Free Encyclopedia",
  year = "2023",
  url = "https://en.wikipedia.org/wiki/Transmon",
}

@misc{ wiki:charge-qbit,
  author = "{Wikipedia contributors}",
  title = "Charge qubit --- {W}ikipedia{,} The Free Encyclopedia",
  year = "2023",
  url = "https://en.wikipedia.org/wiki/Charge_qubit",
}

@misc{ wiki:cooper-pair,
  author = "{Wikipedia contributors}",
  title = "Cooper pair --- {W}ikipedia{,} The Free Encyclopedia",
  year = "2023",
  url = "https://en.wikipedia.org/wiki/Cooper_pair",
}

%%%%%%%%%%%%%%%%%%%%%%%%%%%%%%%%%%%%%%%%%%%%%%%%%%%%%%%%%%%
% Théorie

@misc{ wiki:mech-quantique,
  author = "{Wikipedia contributors}",
  title = "Quantum mechanics --- {W}ikipedia{,} The Free Encyclopedia",
  year = "2023",
  url = "https://en.wikipedia.org/wiki/Quantum_mechanics",
}

% Concepts

@misc{ wiki:superposition,
  author = "{Wikipedia contributors}",
  title = "Quantum superposition --- {W}ikipedia{,} The Free Encyclopedia",
  year = "2023",
  url = "https://en.wikipedia.org/wiki/Quantum_superposition",
}

@misc{ wiki:entenglement,
  author = "{Wikipedia contributors}",
  title = "Quantum entanglement --- {W}ikipedia{,} The Free Encyclopedia",
  year = "2023",
  url = "https://en.wikipedia.org/wiki/Quantum_entanglement",
}

% expériences

@misc{ wiki:exp-superposition,
  author = "{Wikipedia contributors}",
  title = "Double-slit experiment --- {W}ikipedia{,} The Free Encyclopedia",
  year = "2023",
  url = "https://en.wikipedia.org/wiki/Double-slit_experiment",
}

@misc{ wiki:aspect,
  author = "{Wikipedia contributors}",
  title = "Expérience d'Aspect --- {W}ikipedia{,} The Free Encyclopedia",
  year = "2023",
  url = "https://fr.wikipedia.org/wiki/Expérience_d%27Aspect",
}

@misc{ wiki:young,
  author = "{Wikipedia contributors}",
  title = "Fentes de Young --- {W}ikipedia{,} The Free Encyclopedia",
  year = "2023",
  url = "https://fr.wikipedia.org/wiki/Fentes_de_Young",
}

% Maths

@misc{ wiki:pauli-matrices,
  author = "{Wikipedia contributors}",
  title = "Pauli matrices --- {W}ikipedia{,} The Free Encyclopedia",
  year = "2023",
  url = "https://en.wikipedia.org/wiki/Pauli_matrices",
}

% Informatique

@misc{ wiki:complexity-theo,
  author = "{Wikipedia contributors}",
  title = "Computational complexity theory --- {W}ikipedia{,} The Free Encyclopedia",
  year = "2023",
  url = "https://en.wikipedia.org/wiki/Computational_complexity_theory",
}

@misc{ wiki:complexity-gen,
  author = "{Wikipedia contributors}",
  title = "Computational complexity --- {W}ikipedia{,} The Free Encyclopedia",
  year = "2023",
  url = "https://en.wikipedia.org/wiki/Computational_complexity",
}

@misc{ wiki:big-o,
  author = "{Wikipedia contributors}",
  title = "Big O notation --- {W}ikipedia{,} The Free Encyclopedia",
  year = "2023",
  url = "https://en.wikipedia.org/wiki/Big_O_notation",
}

@misc{ wiki:matmult,
  author = "{Wikipedia contributors}",
  title = "Matrix multiplication algorithm --- {W}ikipedia{,} The Free Encyclopedia",
  year = "2023",
  url = "https://en.wikipedia.org/wiki/Matrix_multiplication_algorithm",
}

@misc{ wiki:matmult-copper,
  author = "{Wikipedia contributors}",
  title = "Algorithme de Coppersmith-Winograd --- {W}ikipedia{,} The Free Encyclopedia",
  year = "2023",
  url = "https://fr.wikipedia.org/wiki/Algorithme_de_Coppersmith-Winograd",
}

% Computer logic
@misc{ wiki:logic-gate,
  author = "{Wikipedia contributors}",
  title = "Logic gate --- {W}ikipedia{,} The Free Encyclopedia",
  year = "2023",
  url = "https://en.wikipedia.org/wiki/Logic_gate",
}
@misc{ wiki:mosfet,
  author = "{Wikipedia contributors}",
  title = "MOSFET --- {W}ikipedia{,} The Free Encyclopedia",
  year = "2023",
  url = "https://en.wikipedia.org/wiki/MOSFET",
}

%%%%%%%%%%%%%%%%%%%%%%%%%%%%%%%%%%%%%%%%%%%%%%%%%%%%%%%%%%%%%%%%%%%%%%%%%%%
% Algorithmes

% Deutsch-Josza
@misc{ wiki:deutsch-josza,
  author = "{Wikipedia contributors}",
  title = "Deutsch–Jozsa algorithm --- {W}ikipedia{,} The Free Encyclopedia",
  year = "2023",
  url = "https://en.wikipedia.org/wiki/Deutsch–Jozsa_algorithm",
}

% QFT
@misc{ wiki:qft,
  author = "{Wikipedia contributors}",
  title = "Quantum Fourier transform --- {W}ikipedia{,} The Free Encyclopedia",
  year = "2023",
  url = "https://en.wikipedia.org/wiki/Quantum_Fourier_transform",
}

% QPE
@misc{ wiki:qpe,
  author = "{Wikipedia contributors}",
  title = "Quantum phase estimation algorithm --- {W}ikipedia{,} The Free Encyclopedia",
  year = "2023",
  url = "https://en.wikipedia.org/wiki/Quantum_phase_estimation_algorithm",
}

% Shor
@misc{ wiki:shor,
  author = "{Wikipedia contributors}",
  title = "Shor's algorithm --- {W}ikipedia{,} The Free Encyclopedia",
  year = "2023",
  url = "https://en.wikipedia.org/wiki/Shor%27s_algorithm",
}

% Grover
@misc{ wiki:grover,
  author = "{Wikipedia contributors}",
  title = "Grover's algorithm --- {W}ikipedia{,} The Free Encyclopedia",
  year = "2023",
  url = "https://en.wikipedia.org/wiki/Grover%27s_algorithm",
}

% Quantum counting
@misc{ wiki:quant-count,
  author = "{Wikipedia contributors}",
  title = "Quantum counting algorithm --- {W}ikipedia{,} The Free Encyclopedia",
  year = "2023",
  url = "https://en.wikipedia.org/wiki/Quantum_counting_algorithm",
}

%%%%%%%%%%%%%%%%%%%%%%%%%%%%%%%%%%%%%%%%%%%%%%%%%%%%%%%%%%%%%%%%%%%%%%%%%%%
% Divers
@misc{ wiki:natural-computing,
  author = "{Wikipedia contributors}",
  title = "Natural computing --- {W}ikipedia{,} The Free Encyclopedia",
  year = "2023",
  url = "https://en.wikipedia.org/wiki/Natural_computing",
}

@misc{ wiki:onde-corde,
  author = "{Wikipedia contributors}",
  title = "Onde sur une corde vibrante --- {W}ikipedia{,} The Free Encyclopedia",
  year = "2023",
  url = "https://fr.wikipedia.org/wiki/Onde_sur_une_corde_vibrante",
}

@misc{ wiki:bloch-sphere,
  author = "{Wikipedia contributors}",
  title = "Bloch sphere --- {W}ikipedia{,} The Free Encyclopedia",
  year = "2023",
  url = "https://en.wikipedia.org/wiki/Bloch_sphere",
}

@misc{ wiki:superdense-coding,
  author = "{Wikipedia contributors}",
  title = "Superdense coding --- {W}ikipedia{,} The Free Encyclopedia",
  year = "2023",
  url = "https://en.wikipedia.org/wiki/Superdense_coding",
}

@misc{ wiki:non-cloning,
  author = "{Wikipedia contributors}",
  title = "No-cloning theorem --- {W}ikipedia{,} The Free Encyclopedia",
  year = "2023",
  url = "https://en.wikipedia.org/wiki/No-cloning_theorem",
}

@misc{ wiki:quantum-teleportation,
  author = "{Wikipedia contributors}",
  title = "Quantum teleportation --- {W}ikipedia{,} The Free Encyclopedia",
  year = "2023",
  url = "https://en.wikipedia.org/wiki/Quantum_teleportation",
}

@misc{ wiki:josephson-effect,
  author = "{Wikipedia contributors}",
  title = "Josephson effect --- {W}ikipedia{,} The Free Encyclopedia",
  year = "2023",
  url = "https://en.wikipedia.org/wiki/Josephson_effect",
}

@misc{wiki:serie-fourier,
    author = "{Wikipedia contributors}",
    title = "Série de Fourier --- {W}ikipedia{,} The Free Encyclopedia",
    year = "2023",
    url = "https://fr.wikipedia.org/wiki/Série_de_Fourier",
}

@misc{wiki:transformee-fourier-disc,
    author = "{Wikipedia contributors}",
    title = "Transformation de Fourier discrète --- {W}ikipedia{,} The Free Encyclopedia",
    year = "2023",
    url = "https://fr.wikipedia.org/wiki/Transformation_de_Fourier_discrète",
}

@misc{wiki:rsa,
    author = "{Wikipedia contributors}",
    title = "RSA (cryptosystem) --- {W}ikipedia{,} The Free Encyclopedia",
    year = "2023",
    url = "https://en.wikipedia.org/wiki/RSA_(cryptosystem)",
}

@misc{wiki:moore,
    author = "{Wikipedia contributors}",
    title = "Loi de Moore --- {W}ikipedia{,} The Free Encyclopedia",
    year = "2023",
    url = "https://fr.wikipedia.org/wiki/Loi_de_Moore",
}

@misc{wiki:bqp,
    author = "{Wikipedia contributors}",
    title = "BQP --- {W}ikipedia{,} The Free Encyclopedia",
    year = "2023",
    url = "https://en.wikipedia.org/wiki/BQP",
}

@misc{wiki:photoelectrique,
    author = "{Wikipedia contributors}",
    title = "Effet photoélectrique --- {W}ikipedia{,} The Free Encyclopedia",
    year = "2023",
    url = "https://fr.wikipedia.org/wiki/Effet_photo%C3%A9lectrique",
}

@misc{wiki:chat-schrodinger,
    author = "{Wikipedia contributors}",
    title = "Chat de Schrödinger --- {W}ikipedia{,} The Free Encyclopedia",
    year = "2023",
    url = "https://fr.wikipedia.org/wiki/Chat_de_Schr%C3%B6dinger",
}

@misc{wiki:theo-bandes,
    author = "{Wikipedia contributors}",
    title = "Théorie des bandes --- {W}ikipedia{,} The Free Encyclopedia",
    year = "2023",
    url = "https://fr.wikipedia.org/wiki/Th%C3%A9orie_des_bandes",
}

@misc{wiki:int-fact,
    author = "{Wikipedia contributors}",
    title = "Integer factorization --- {W}ikipedia{,} The Free Encyclopedia",
    year = "2023",
    url = "https://en.wikipedia.org/wiki/Integer_factorization",
}

@misc{wiki:quantum-error-correction,
    author = "{Wikipedia contributors}",
    title = "Quantum error correction --- {W}ikipedia{,} The Free Encyclopedia",
    year = "2023",
    url = "https://en.wikipedia.org/wiki/Quantum_error_correction",
}
