% Articles

%%%%%%%%%%%%%%%%%%%%%%%%%%%%%%%%%%%%%%%%%%%%%%%%%%%%%%%%%%%%%%%%%%%%%%%%%

% Universality Toffoli-Hadamard
@misc{universality-proof,
  doi = {10.48550/ARXIV.QUANT-PH/0301040},
  url = {https://arxiv.org/abs/quant-ph/0301040},
  author = {Aharonov,  Dorit},
  keywords = {Quantum Physics (quant-ph),  FOS: Physical sciences,  FOS: Physical sciences},
  title = {A Simple Proof that Toffoli and Hadamard are Quantum Universal},
  publisher = {arXiv},
  year = {2003},
  copyright = {Assumed arXiv.org perpetual,  non-exclusive license to distribute this article for submissions made before January 2004}
}

% Toffoli
@article{toffoli-imp,
  doi = {10.48550/ARXIV.1108.3966},
  url = {https://arxiv.org/abs/1108.3966},
  author = {Fedorov,  Arkady and Steffen,  Lars and Baur,  Matthias and da Silva,  M. P. and Wallraff,  Andreas},
  keywords = {Quantum Physics (quant-ph),  Mesoscale and Nanoscale Physics (cond-mat.mes-hall),  FOS: Physical sciences,  FOS: Physical sciences},
  title = {Implementation of a Toffoli Gate with Superconducting Circuits},
  publisher = {arXiv},
  year = {2011},
  copyright = {arXiv.org perpetual,  non-exclusive license}
}

% Hadamard
@inproceedings{hadamard-imp,
  doi = {10.1109/eit.2010.5612120},
  url = {https://doi.org/10.1109/eit.2010.5612120},
  year = {2010},
  month = may,
  publisher = {{IEEE}},
  author = {Shihan Sajeed and A. Ahmed and S. M. Ullah and Z. H. Mozumder},
  title = {An approach to realize a quantum Hadamard gate through optical implementation},
  booktitle = {2010 {IEEE} International Conference on Electro/Information Technology}
}

%%%%%%%%%%%%%%%%%%%%%%%%%%%%%%%%%%%%%%%%%%%%%%%%%%%%%%%%%%%%%%%%%%%%%
% Algorithmes

% Deutsch - Jozsa
@article{deutsch-josza-ori,
  doi = {10.1098/rspa.1992.0167},
  url = {https://doi.org/10.1098/rspa.1992.0167},
  year = {1992},
  month = dec,
  publisher = {The Royal Society},
  volume = {439},
  number = {1907},
  pages = {553--558},
  title = {Rapid solution of problems by quantum computation},
  journal = {Proceedings of the Royal Society of London. Series A: Mathematical and Physical Sciences}
}
@article{deutsch-jozsa-discu,
  doi = {10.1098/rspa.1998.0164},
  url = {https://doi.org/10.1098/rspa.1998.0164},
  year = {1998},
  month = jan,
  publisher = {The Royal Society},
  volume = {454},
  number = {1969},
  pages = {339--354},
  author = {R. Cleve and A. Ekert and C. Macchiavello and M. Mosca},
  title = {Quantum algorithms revisited},
  journal = {Proceedings of the Royal Society of London. Series A: Mathematical,  Physical and Engineering Sciences}
}

% Shor
@inproceedings{shor-article,
  doi = {10.1109/sfcs.1994.365700},
  url = {https://doi.org/10.1109/sfcs.1994.365700},
  publisher = {{IEEE} Comput. Soc. Press},
  author = {P.W. Shor},
  title = {Algorithms for quantum computation: discrete logarithms and factoring},
  booktitle = {Proceedings 35th Annual Symposium on Foundations of Computer Science}
}

% Grover
@inproceedings{grover-article,
  doi = {10.1145/237814.237866},
  url = {https://doi.org/10.1145/237814.237866},
  year = {1996},
  publisher = {{ACM} Press},
  author = {Lov K. Grover},
  title = {A fast quantum mechanical algorithm for database search},
  booktitle = {Proceedings of the twenty-eighth annual {ACM} symposium on Theory of computing  - {STOC} {\textquotesingle}96}
}

% IPE
@misc{ipe-article,
  doi = {10.48550/ARXIV.2206.06392},
  url = {https://arxiv.org/abs/2206.06392},
  author = {Smith,  Joseph G. and Barnes,  Crispin H. W. and Arvidsson-Shukur,  David R. M.},
  keywords = {Quantum Physics (quant-ph),  FOS: Physical sciences,  FOS: Physical sciences},
  title = {An iterative quantum-phase-estimation protocol for near-term quantum hardware},
  publisher = {arXiv},
  year = {2022},
  copyright = {Creative Commons Attribution 4.0 International}
}

% Hyperfine Splitting in Hydrogen
@inbook{feynmann-lectures,
author = {Feynman, Richard and Leighton, Robert B. and Sands, Matthew L.},
title = {The Hyperfine Splitting in Hydrogen},
booktitle = {The Feynman lectures on physics},
year = {1963-1965},
volume = {3},
chapter = {12},
pages = {1-9},
}

%%%%%%%%%%%%%%%%%%%%%%%%%%%%%%%%%%%%%%%%%%%%%%%%%%%%%%%%%%%%%%%%%%%%%%%%%%%%%%%%%%

% IA classical-quantum
@misc{ia-mixte,
  doi = {10.48550/ARXIV.1901.00848},
  url = {https://arxiv.org/abs/1901.00848},
  author = {Romero,  Jonathan and Aspuru-Guzik,  Alan},
  keywords = {Quantum Physics (quant-ph),  FOS: Physical sciences,  FOS: Physical sciences},
  title = {Variational quantum generators: Generative adversarial quantum machine learning for continuous distributions},
  publisher = {arXiv},
  year = {2019},
  copyright = {arXiv.org perpetual,  non-exclusive license}
}

% Simulation (p.ex. trou de vers)
@article{wormhole-sim,
  doi = {10.1038/d41586-022-03832-z},
  url = {https://doi.org/10.1038/d41586-022-03832-z},
  year = {2022},
  month = nov,
  publisher = {Springer Science and Business Media {LLC}},
  volume = {612},
  number = {7938},
  pages = {41--42},
  author = {Adam R. Brown and Leonard Susskind},
  title = {A holographic wormhole traversed in a quantum computer},
  journal = {Nature}
}

% Enseigner
@INPROCEEDINGS{9605279,
  author={Wootton, James R. and Harkins, Francis and Bronn, Nicholas T. and Vazquez, Almudena Carrera and Phan, Anna and Asfaw, Abraham T.},
  booktitle={2021 IEEE International Conference on Quantum Computing and Engineering (QCE)}, 
  title={Teaching quantum computing with an interactive textbook}, 
  year={2021},
  volume={},
  number={},
  pages={385-391},
  doi={10.1109/QCE52317.2021.00058}}