% Wikipedia sources

%%%%%%%%%%%%%%%%%%%%%%%%%%%%%%%%%%%%%%%%%%%%%%%%%%%%%%%%%%%

% Quantum gates summary
@misc{ wiki:qantum-gates,
  author = "{Wikipedia contributors}",
  title = "Quantum logic gate --- {W}ikipedia{,} The Free Encyclopedia",
  year = "2023",
  url = "https://en.wikipedia.org/wiki/Quantum_logic_gate",
  note = "[En ligne; vu en 2023]"
}

% History quantum computing
@misc{ wiki:hisotry-qc,
  author = "{Wikipedia contributors}",
  title = "Quantum computing --- {W}ikipedia{,} The Free Encyclopedia",
  year = "2023",
  url = "https://en.wikipedia.org/wiki/Quantum_computing",
  note = "[En ligne; vu en 2023]"
}

% Quantum complexity
@misc{ wiki:complexity-qc,
  author = "{Wikipedia contributors}",
  title = "Quantum complexity theory --- {W}ikipedia{,} The Free Encyclopedia",
  year = "2023",
  url = "https://en.wikipedia.org/wiki/Quantum_complexity_theory",
  note = "[En ligne; vu en 2023]"
}

%%%%%%%%%%%%%%%%%%%%%%%%%%%%%%%%%%%%%%%%%%%%%%%%%%%%%%%%%%%%
% Hardware 

@misc{ wiki:ibm-quantum,
  author = "{Wikipedia contributors}",
  title = "IBM Quantum Experience --- {W}ikipedia{,} The Free Encyclopedia",
  year = "2023",
  url = "https://en.wikipedia.org/wiki/IBM_Quantum_Experience",
  note = "[En ligne; vu en 2023]"
}

@misc{ wiki:trapped-ion,
  author = "{Wikipedia contributors}",
  title = "Trapped ion quantum computer --- {W}ikipedia{,} The Free Encyclopedia",
  year = "2023",
  url = "https://en.wikipedia.org/wiki/Trapped_ion_quantum_computer",
  note = "[En ligne; vu en 2023]"
}

@misc{ wiki:superconducting-qc,
  author = "{Wikipedia contributors}",
  title = "Superconducting quantum computing --- {W}ikipedia{,} The Free Encyclopedia",
  year = "2023",
  url = "https://en.wikipedia.org/wiki/Superconducting_quantum_computing",
  note = "[En ligne; vu en 2023]"
}

@misc{ wiki:transmon,
  author = "{Wikipedia contributors}",
  title = "Transmon --- {W}ikipedia{,} The Free Encyclopedia",
  year = "2023",
  url = "https://en.wikipedia.org/wiki/Transmon",
  note = "[En ligne; vu en 2023]"
}

@misc{ wiki:charge-qbit,
  author = "{Wikipedia contributors}",
  title = "Charge qubit --- {W}ikipedia{,} The Free Encyclopedia",
  year = "2023",
  url = "https://en.wikipedia.org/wiki/Charge_qubit",
  note = "[En ligne; vu en 2023]"
}

@misc{ wiki:cooper-pair,
  author = "{Wikipedia contributors}",
  title = "Cooper pair --- {W}ikipedia{,} The Free Encyclopedia",
  year = "2023",
  url = "https://en.wikipedia.org/wiki/Cooper_pair",
  note = "[En ligne; vu en 2023]"
}

%%%%%%%%%%%%%%%%%%%%%%%%%%%%%%%%%%%%%%%%%%%%%%%%%%%%%%%%%%%
% Théorie

@misc{ wiki:mech-quantique,
  author = "{Wikipedia contributors}",
  title = "Quantum mechanics --- {W}ikipedia{,} The Free Encyclopedia",
  year = "2023",
  url = "https://en.wikipedia.org/wiki/Quantum_mechanics",
  note = "[En ligne; vu en 2023]"
}

% Concepts

@misc{ wiki:superposition,
  author = "{Wikipedia contributors}",
  title = "Quantum superposition --- {W}ikipedia{,} The Free Encyclopedia",
  year = "2023",
  url = "https://en.wikipedia.org/wiki/Quantum_superposition",
  note = "[En ligne; vu en 2023]"
}

@misc{ wiki:entenglement,
  author = "{Wikipedia contributors}",
  title = "Quantum entanglement --- {W}ikipedia{,} The Free Encyclopedia",
  year = "2023",
  url = "https://en.wikipedia.org/wiki/Quantum_entanglement",
  note = "[En ligne; vu en 2023]"
}

% expériences

@misc{ wiki:exp-superposition,
  author = "{Wikipedia contributors}",
  title = "Double-slit experiment --- {W}ikipedia{,} The Free Encyclopedia",
  year = "2023",
  url = "https://en.wikipedia.org/wiki/Double-slit_experiment",
  note = "[En ligne; vu en 2023]"
}

@misc{ wiki:aspect,
  author = "{Wikipedia contributors}",
  title = "Expérience d'Aspect --- {W}ikipedia{,} The Free Encyclopedia",
  year = "2023",
  url = "https://fr.wikipedia.org/wiki/Expérience_d%27Aspect",
  note = "[En ligne; vu en 2023]"
}

% Maths

@misc{ wiki:pauli-matrices,
  author = "{Wikipedia contributors}",
  title = "Pauli matrices --- {W}ikipedia{,} The Free Encyclopedia",
  year = "2023",
  url = "https://en.wikipedia.org/wiki/Pauli_matrices",
  note = "[En ligne; vu en 2023]"
}

% Informatique

@misc{ wiki:complexity-theo,
  author = "{Wikipedia contributors}",
  title = "Computational complexity theory --- {W}ikipedia{,} The Free Encyclopedia",
  year = "2023",
  url = "https://en.wikipedia.org/wiki/Computational_complexity_theory",
  note = "[En ligne; vu en 2023]"
}

@misc{ wiki:big-o,
  author = "{Wikipedia contributors}",
  title = "Big O notation --- {W}ikipedia{,} The Free Encyclopedia",
  year = "2023",
  url = "https://en.wikipedia.org/wiki/Big_O_notation",
  note = "[En ligne; vu en 2023]"
}

% Computer logic
@misc{ wiki:logic-gate,
  author = "{Wikipedia contributors}",
  title = "Logic gate --- {W}ikipedia{,} The Free Encyclopedia",
  year = "2023",
  url = "https://en.wikipedia.org/wiki/Logic_gate",
  note = "[En ligne; vu en 2023]"
}
@misc{ wiki:mosfet,
  author = "{Wikipedia contributors}",
  title = "MOSFET --- {W}ikipedia{,} The Free Encyclopedia",
  year = "2023",
  url = "https://en.wikipedia.org/wiki/MOSFET",
  note = "[En ligne; vu en 2023]"
}

%%%%%%%%%%%%%%%%%%%%%%%%%%%%%%%%%%%%%%%%%%%%%%%%%%%%%%%%%%%%%%%%%%%%%%%%%%%
% Algorithmes

% Deutsch-Josza
@misc{ wiki:deutsch-josza,
  author = "{Wikipedia contributors}",
  title = "Deutsch–Jozsa algorithm --- {W}ikipedia{,} The Free Encyclopedia",
  year = "2023",
  url = "https://en.wikipedia.org/wiki/Deutsch–Jozsa_algorithm",
  note = "[En ligne; vu en 2023]"
}

% QFT
@misc{ wiki:qft,
  author = "{Wikipedia contributors}",
  title = "Quantum Fourier transform --- {W}ikipedia{,} The Free Encyclopedia",
  year = "2023",
  url = "https://en.wikipedia.org/wiki/Quantum_Fourier_transform",
  note = "[En ligne; vu en 2023]"
}

% QPE
@misc{ wiki:qpe,
  author = "{Wikipedia contributors}",
  title = "Quantum phase estimation algorithm --- {W}ikipedia{,} The Free Encyclopedia",
  year = "2023",
  url = "https://en.wikipedia.org/wiki/Quantum_phase_estimation_algorithm",
  note = "[En ligne; vu en 2023]"
}

% Shor
@misc{ wiki:shor,
  author = "{Wikipedia contributors}",
  title = "Shor's algorithm --- {W}ikipedia{,} The Free Encyclopedia",
  year = "2023",
  url = "https://en.wikipedia.org/wiki/Shor%27s_algorithm",
  note = "[En ligne; vu en 2023]"
}

% Grover
@misc{ wiki:grover,
  author = "{Wikipedia contributors}",
  title = "Grover's algorithm --- {W}ikipedia{,} The Free Encyclopedia",
  year = "2023",
  url = "https://en.wikipedia.org/wiki/Grover%27s_algorithm",
  note = "[En ligne; vu en 2023]"
}

% Quantum counting
@misc{ wiki:quant-count,
  author = "{Wikipedia contributors}",
  title = "Quantum counting algorithm --- {W}ikipedia{,} The Free Encyclopedia",
  year = "2023",
  url = "https://en.wikipedia.org/wiki/Quantum_counting_algorithm",
  note = "[En ligne; vu en 2023]"
}